@article{ceballos2015fuzzy,
  title={Fuzzy system of irrigation applied to the growth of Habanero Pepper (Capsicum chinense Jacq.) under protected conditions in Yucatan, Mexico},
  author={Ceballos, Martha Rocio and Gorricho, Juan Luis and Gamboa, Oscar Palma and Huerta, M{\'o}nica Karel and Rivas, David and Rodas, Mayra Erazo},
  journal={International Journal of Distributed Sensor Networks},
  volume={2015},
  pages={1},
  year={2015},
  publisher={Taylor \& Francis, Inc.}
}

@article{touati2013fuzzy,
  title={A fuzzy logic based irrigation system enhanced with wireless data logging applied to the state of Qatar},
  author={Touati, Farid and Al-Hitmi, Mohammed and Benhmed, Kamel and Tabish, Rohan},
  journal={Computers and electronics in agriculture},
  volume={98},
  pages={233--241},
  year={2013},
  publisher={Elsevier}
}

@article{giusti2015fuzzy,
  title={A Fuzzy Decision Support System for irrigation and water conservation in agriculture},
  author={Giusti, Elisabetta and Marsili-Libelli, Stefano},
  journal={Environmental Modelling \& Software},
  volume={63},
  pages={73--86},
  year={2015},
  publisher={Elsevier}
}

@book{mortari2001introduccao,
  title={Introdu{\c{c}}{\~a}o {\`a} l{\'o}gica},
  author={Mortari, Cezar A},
  year={2001},
  publisher={SciELO-Ed. UNESP}
}

@misc{hung2006first,
  title={A First Course in Fuzzy Logic},
  author={Hung, T and Nguyen, Elbert A Walker and Walker, A},
  year={2006},
  publisher={Chapman \& Hall/CRC, Taylor and Francis Group}
}

@book{rezende2003sistemas,
  title={Sistemas inteligentes: fundamentos e aplica{\c{c}}{\~o}es},
  author={Rezende, Solange Oliveira},
  year={2003},
  publisher={Editora Manole Ltda}
}
